@misc{fachmodul,
	title = {Fachmodul - Türklingelanlage mit Standardkomponenten},
	author = {Federico Crameri, Geo Bontognali},
	date = {2017-06-01}
}

@online{_embedded_????,
	title = {Embedded Linux {JVM} Debugger},
	url = {https://plugins.jetbrains.com/idea/plugin/7738-embedded-linux-jvm-debugger-raspberry-pi-beaglebone-black-intel-galileo-ii-and-several-other-iot-devices-},
	urldate = {2017-02-20},
	file = {Embedded Linux JVM Debugger (Raspberry Pi, BeagleBone Black, Intel Galileo II, and several other IoT Devices) for IntelliJ IDEA \:\: JetBrains Plugin Repository:C\:\\Users\\Federico\\AppData\\Roaming\\Zotero\\Zotero\\Profiles\\4oi52j2r.default\\zotero\\storage\\42SW87WR\\7738-embedded-linux-jvm-debugger-raspberry-pi-beaglebone-black-intel-galileo-ii-and-several-oth.html:text/html}
}

@book{_building_????,
	title = {Building a signaling server in Java},
	isbn = {978-1-78328-445-0},
	url = {https://www.packtpub.com/mapt/book/Application-Development/9781783284450/1/ch01lvl1sec10/Building a signaling server in Java},
	urldate = {2017-02-23},
	file = {Snapshot:C\:\\Users\\Federico\\AppData\\Roaming\\Zotero\\Zotero\\Profiles\\4oi52j2r.default\\zotero\\storage\\GWEVPHCM\\Building a signaling server in Java - WebRTC Cookb.html:text/html}
}

@inreference{_interactive_2016,
	title = {Interactive Connectivity Establishment},
	rights = {Creative Commons Attribution-{ShareAlike} License},
	url = {https://en.wikipedia.org/w/index.php?title=Interactive_Connectivity_Establishment&oldid=732705039},
	booktitle = {Wikipedia},
	urldate = {2017-02-23},
	date = {2016-08-02},
	langid = {english},
	file = {Snapshot:C\:\\Users\\Federico\\AppData\\Roaming\\Zotero\\Zotero\\Profiles\\4oi52j2r.default\\zotero\\storage\\H38MP8E3\\2016 - Interactive Connectivity Establishment.html:text/html}
}

@online{4th_webrtc_????,
	title = {{WebRTC} {STUN}, {TURN} and signaling},
	url = {https://www.html5rocks.com/en/tutorials/webrtc/infrastructure/},
	shorttitle = {{WebRTC} in the real world},
	author = {4th, Sam Dutton Published},
	urldate = {2017-02-23},
	file = {Snapshot:C\:\\Users\\Federico\\AppData\\Roaming\\Zotero\\Zotero\\Profiles\\4oi52j2r.default\\zotero\\storage\\XARN2WVW\\4th et al. - WebRTC in the real world STUN, TURN and signaling.html:text/html}
}

@online{_java_????,
	title = {Java {SE} 7 Class {SSLContext}},
	url = {http://docs.oracle.com/javase/7/docs/api/javax/net/ssl/SSLContext.html},
	urldate = {2017-02-28},
	file = {SSLContext (Java Platform SE 7 ):C\:\\Users\\Federico\\AppData\\Roaming\\Zotero\\Zotero\\Profiles\\4oi52j2r.default\\zotero\\storage\\MX4QR2F3\\SSLContext.html:text/html}
}

@online{_working_????,
	title = {Working with Java Keystores},
	url = {https://www.digitalocean.com/community/tutorials/java-keytool-essentials-working-with-java-keystores},
	urldate = {2017-02-28},
	file = {Java Keytool Essentials\: Working with Java Keystores | DigitalOcean:C\:\\Users\\Federico\\AppData\\Roaming\\Zotero\\Zotero\\Profiles\\4oi52j2r.default\\zotero\\storage\\6RKPE59U\\java-keytool-essentials-working-with-java-keystores.html:text/html}
}

@online{_webrtc_????,
	title = {{WebRTC} Low resolution on Chromium},
	url = {https://www.raspberrypi.org/forums/viewtopic.php?f=43&t=159941},
	urldate = {2017-03-15},
	file = {Raspberry Pi • View topic - Low resolution on Chromium - WebRTC:C\:\\Users\\Federico\\AppData\\Roaming\\Zotero\\Zotero\\Profiles\\4oi52j2r.default\\zotero\\storage\\QPM82T6P\\viewtopic.html:text/html}
}

@online{_create_????,
	title = {Create a {SSL} Certificate on Apache for Ubuntu},
	url = {https://www.digitalocean.com/community/tutorials/how-to-create-a-ssl-certificate-on-apache-for-ubuntu-14-04},
	urldate = {2017-04-10},
	file = {Snapshot:C\:\\Users\\Federico\\AppData\\Roaming\\Zotero\\Zotero\\Profiles\\4oi52j2r.default\\zotero\\storage\\AP2HBP7V\\how-to-create-a-ssl-certificate-on-apache-for-ubuntu-14-04.html:text/html}
}

@online{ericlaw_chrome_2017,
	title = {Chrome Deprecates Subject {CN} Matching},
	url = {https://textslashplain.com/2017/03/10/chrome-deprecates-subject-cn-matching/},
	titleaddon = {text/plain},
	author = {{ericlaw}},
	urldate = {2017-06-01},
	date = {2017-03-10},
	file = {Snapshot:C\:\\Users\\Federico\\AppData\\Roaming\\Zotero\\Zotero\\Profiles\\4oi52j2r.default\\zotero\\storage\\PGEQVKFF\\chrome-deprecates-subject-cn-matching.html:text/html}
}

@online{_fixing_????,
	title = {Fixing Chrome 58+ openssl using self signed certificates},
	url = {https://alexanderzeitler.com/articles/Fixing-Chrome-missing_subjectAltName-selfsigned-cert-openssl/},
	urldate = {2017-06-01},
	file = {Fixing Chrome 58+ [missing_subjectAltName] with openssl when using self signed certificates | Alexander Zeitler:C\:\\Users\\Federico\\AppData\\Roaming\\Zotero\\Zotero\\Profiles\\4oi52j2r.default\\zotero\\storage\\6UBQH4PX\\Fixing-Chrome-missing_subjectAltName-selfsigned-cert-openssl.html:text/html}
}

@online{_raspberry_????,
	title = {Raspberry Poor audio quality on analog output},
	url = {https://www.raspberrypi.org/forums/viewtopic.php?f=38&t=37038},
	urldate = {2017-06-07},
	file = {Raspberry Pi • View topic - Poor audio quality on analog output:C\:\\Users\\Federico\\AppData\\Roaming\\Zotero\\Zotero\\Profiles\\4oi52j2r.default\\zotero\\storage\\6I2B8RGW\\viewtopic.html:text/html}
}

@online{_how_????,
	title = {How are {SSL} certificate server names resolved},
	url = {https://stackoverflow.com/questions/8443081/how-are-ssl-certificate-server-names-resolved-can-i-add-alternative-names-using/8444863},
	urldate = {2017-06-19},
	file = {Snapshot:C\:\\Users\\Federico\\AppData\\Roaming\\Zotero\\Zotero\\Profiles\\4oi52j2r.default\\zotero\\storage\\WXNT8IP3\\8444863.html:text/html}
}

@online{daniel_l._create_????,
	title = {Create and import Self Signed Certificate to Android},
	url = {https://aboutssl.org/how-to-create-and-import-self-signed-certificate-to-android-device/},
	author = {Daniel L.},
	urldate = {2017-06-19},
	file = {Snapshot:C\:\\Users\\Federico\\AppData\\Roaming\\Zotero\\Zotero\\Profiles\\4oi52j2r.default\\zotero\\storage\\9HUISKUH\\how-to-create-and-import-self-signed-certificate-to-android-device.html:text/html}
}

@online{_adding_????,
	title = {Adding Push Notifications to a Web App},
	url = {https://developers.google.com/web/fundamentals/getting-started/codelabs/push-notifications/},
	titleaddon = {Google Developers},
	urldate = {2017-06-20},
	file = {Snapshot:C\:\\Users\\Federico\\AppData\\Roaming\\Zotero\\Zotero\\Profiles\\4oi52j2r.default\\zotero\\storage\\DV6RB32T\\push-notifications.html:text/html}
}

@online{_push_????,
	title = {Push Notifications in your {PhoneGap} Application},
	url = {http://devgirl.org/2013/07/17/tutorial-implement-push-notifications-in-your-phonegap-application/},
	urldate = {2017-06-20},
	file = {Tutorial\: Implement Push Notifications in your PhoneGap Application \: Devgirl's Weblog:C\:\\Users\\Federico\\AppData\\Roaming\\Zotero\\Zotero\\Profiles\\4oi52j2r.default\\zotero\\storage\\IQUICXM2\\tutorial-implement-push-notifications-in-your-phonegap-application.html:text/html}
}

@online{rathore_laravel_2015,
	title = {Laravel Push notifications to mobile devices},
	url = {https://www.dunebook.com/send-push-notifications-to-mobile-devices-with-laravel/},
	author = {Rathore, Deven},
	urldate = {2017-06-21},
	date = {2015-10-10},
	file = {Snapshot:C\:\\Users\\Federico\\AppData\\Roaming\\Zotero\\Zotero\\Profiles\\4oi52j2r.default\\zotero\\storage\\VBC34IMN\\send-push-notifications-to-mobile-devices-with-laravel.html:text/html}
}

@online{_laravel_????,
	title = {Laravel Notification Channels},
	url = {http://laravel-notification-channels.com/webpush/},
	urldate = {2017-06-21},
	file = {Laravel Notification Channels:C\:\\Users\\Federico\\AppData\\Roaming\\Zotero\\Zotero\\Profiles\\4oi52j2r.default\\zotero\\storage\\7982ZCN6\\webpush.html:text/html}
}

@online{_raspberry_????,
	title = {Raspberry Pi Kiosk Mode},
	url = {https://oshlab.com/raspberry-pi-kiosk-mode/},
	urldate = {2017-02-20},
	file = {Raspberry Pi in Kiosk Mode - OSH Lab:C\:\\Users\\Federico\\AppData\\Roaming\\Zotero\\Zotero\\Profiles\\4oi52j2r.default\\zotero\\storage\\74CAI526\\raspberry-pi-kiosk-mode.html:text/html}
}

@online{_linux_????,
	title = {Linux Java Service Wrapper},
	url = {http://www.jcgonzalez.com/linux-java-service-wrapper-example},
	urldate = {2017-02-23},
	file = {Linux Java Service Wrapper Example:C\:\\Users\\Federico\\AppData\\Roaming\\Zotero\\Zotero\\Profiles\\4oi52j2r.default\\zotero\\storage\\436T9B9D\\linux-java-service-wrapper-example.html:text/html}
}

@online{_lsb_????,
	title = {{LSB} Init Scripts Debian Wiki},
	url = {https://wiki.debian.org/LSBInitScripts},
	urldate = {2017-03-01},
	file = {LSBInitScripts - Debian Wiki:C\:\\Users\\Federico\\AppData\\Roaming\\Zotero\\Zotero\\Profiles\\4oi52j2r.default\\zotero\\storage\\IIDMAA24\\LSBInitScripts.html:text/html}
}

@online{logging,
	title = {Raspberry Pi System Logging},
	url = {http://blog.scphillips.com/posts/2015/05/raspberry-pi-system-logging-and-loggly/},
	urldate = {2017-03-15},
	file = {Raspberry Pi System Logging and Loggly:C\:\\Users\\Federico\\AppData\\Roaming\\Zotero\\Zotero\\Profiles\\4oi52j2r.default\\zotero\\storage\\HD3F8DDM\\raspberry-pi-system-logging-and-loggly.html:text/html}
}

@online{watchdog1,
	title = {Linux Watchdog},
	url = {http://www.sat.dundee.ac.uk/psc/watchdog/watchdog-configure.html#Process_Monitoring_by_PID_File},
	urldate = {2017-03-20},
	file = {Linux Watchdog configuring:C\:\\Users\\Federico\\AppData\\Roaming\\Zotero\\Zotero\\Profiles\\4oi52j2r.default\\zotero\\storage\\RMV62ZGC\\watchdog-configure.html:text/html}
}

@online{watchdog2,
	title = {Hardware Watchdog},
	url = {http://www.gieseke-buch.de/raspberrypi/eingebauten-hardware-watchdog-zur-ueberwachung-nutzen},
	shorttitle = {Raspberry Pi},
	author = {Gieseke, Wolfram},
	urldate = {2017-03-20},
	file = {Snapshot:C\:\\Users\\Federico\\AppData\\Roaming\\Zotero\\Zotero\\Profiles\\4oi52j2r.default\\zotero\\storage\\GE5PA6NS\\eingebauten-hardware-watchdog-zur-ueberwachung-nutzen.html:text/html}
}

@online{gesellschaftsvertrag,
	title = {Debian Gesellschaftsvertrag},
	url = {https://www.debian.org/social_contract.de.html},
	urldate = {2017-07-06},
	file = {Debian -- Debian-Gesellschaftsvertrag:C\:\\Users\\Federico\\AppData\\Roaming\\Zotero\\Zotero\\Profiles\\4oi52j2r.default\\zotero\\storage\\F54694FQ\\social_contract.de.html:text/html}
}

@online{poe,
	title = {Power over Ethernet},
	url = {https://www.elektronik-kompendium.de/sites/net/0807021.htm},
	urldate = {2017-08-07},
	file = {Snapshot:C\:\\Users\\Federico\\AppData\\Roaming\\Zotero\\Zotero\\Profiles\\4oi52j2r.default\\zotero\\storage\\A7CNTWRU\\0807021.html:text/html}
}

@online{codecs,
	title = {Raspberry Codecs},
	url = {https://www.raspberrypi.org/blog/libraries-codecs-oss/}
}

@online{displayConfig,
	title = {4 inch {LCD} configuration},
	url = {http://www.waveshare.com/wiki/4inch_HDMI_LCD},
	urldate = {2017-08-08}
}