% Encoding: UTF-8

@TechReport{aerodyn,
  author =      {P.J. Moriarty, A.C. Hansen},
  title =       {AeroDyn Theory Manual},
  institution = {National Renewable Energy Laboratory},
  year =        {2005}
}

@Misc{aeroKraefte,
  title =        {Difference resultant aerodynamics force on an airfoil and a flat plate},
  howpublished = {http://physics.stackexchange.com/questions/83432/difference-resultantaerodynamics-force-on-an-airfoil-and-a-flat-plate},
  month =        dec,
  year =         {2015},
  institution =  {www.physics.stackexchange.com},
  url =          {http://physics.stackexchange.com/questions/83432/difference-resultantaerodynamics-force-on-an-airfoil-and-a-flat-plate}
}

@Book{glauert,
  title =     {Aerodynamic Theory},
  publisher = {Julius Springer},
  year =      {1935},
  author =    {H. Glauert},
  editor =    {W. F. Durand},
  volume =    {IV}
}

@MastersThesis{heene,
  Title                    = {Aerodynamic Propeller Model for Load Analysis},
  Author                   = {Mario Heene},
  School                   = {Royal Institute of Technology},
  Year                     = {2012}
}

@Misc{helix,
  author =       {Helix Carbon GmbH},
  howpublished = {http://www.helix-propeller.de/},
  month =        feb,
  year =         {2016}
}

@Misc{javafoil,
  author =       {Dr. Martin Hepperle},
  title =        {JavaFoil - Analysis of Airfoils},
  howpublished = {http://www.mh-aerotools.de},
  month =        aug,
  year =         {2003},
  url =          {http://www.mh-aerotools.de/}
}

@Misc{matlab,
  title =        {Matlab - The Language of Technical Computing},
  howpublished = {http://ch.mathworks.com/products/matlab},
  month =        feb,
  year =         {2016}
}

@Misc{messgeraet,
  title =        {HEXAGON manufactoring intelligence},
  howpublished = {http://www.hexagonmetrology.ch},
  month =        jul,
  year =         {2016}
}

@Book{papula,
  title =     {Mathetmatische Formelsammlung f√ºr Ingenieure und Naturwissenschaftler},
  publisher = {Springer Vieweg},
  year =      {2014},
  author =    {Lothar Papula},
  volume =    {11}
}

@Misc{python,
  title =        {Python(x,y) - the scientific Python distribution},
  howpublished = {https://python-xy.github.io/},
  month =        mar,
  year =         {2016}
}

@Misc{stlread,
  author =       {Eric Johnson},
  title =        {stlread function - STLREAD imports geometry from a binary stereolithography (STL) file into MATLAB.},
  howpublished = {https://www.mathworks.com/matlabcentral/fileexchange/22409-stl-file-reader},
  month =        jul,
  year =         {2011}
}

@Misc{vpprop,
  author =       {Sergey Taranets},
  title =        {Variable pitch propellers},
  howpublished = {https://grabcad.com/library/variable-pitch-propellers-1},
  month =        may,
  year =         {2016}
}

@Misc{xfoil,
  author =       {Mark Drela},
  title =        {XFOIL - Subsonic Airfoil Development System},
  howpublished = {http://web.mit.edu/drela/Public/web/xfoil/},
  month =        dec,
  year =         {2013},
  abstract =     {XFOIL is an interactive program for the design and analysis of subsonic isolated airfoils},
  url =          {http://web.mit.edu/drela/Public/web/xfoil/}
}

